% Encoding: UTF-8

@PhdThesis{Albrecht2010,
  author = {Marc Albrecht},
  title =  {{Sorted Sector Covering mit Bildkondensierung - Eine universelle Methode zur effizienten Berechnung von Local Dimming LED Backlight}},
  school = {Saarland University},
  year =   {2010},
  doi =    {10.22028/D291-22868}
}
@Article{Albrecht2010_IEICE,
  author =  {Albrecht, Marc and Karrenbauer, Andreas and Jung, Tobias and Xu, Chihao},
  title =   {{Sorted sector covering combined with image condensation : an efficient method for local dimming of direct-lit and edge-lit LCDs}},
  journal = {IEICE Transactions on Electronics},
  year =    {2010},
  volume =  {E93-C},
  number =  {11},
  pages =   {1556--1563},
  doi =     {10.1587/transele.E93.C.1556}
}

@Misc{hdl_routing,
  author =       {Alexander Aulin, Niklas Claesson},
  title =        {Tools in {CMOS} design},
  howpublished = {\url{https://www.eit.lth.se/fileadmin/eit/courses/eti135/slides/AlexanderNiklas.pdf}},
  note =         {[letzter Zugriff am 6.07.2018; Online]},
  url =          {https://www.eit.lth.se/fileadmin/eit/courses/eti135/slides/AlexanderNiklas.pdf}
}

@book{light_leakage_color,
	publisher = {Focal Press},
	year      = {2012},
	title     = {Color Management and Quality Output: Working with Color from Camera to Display to Print},
	note      = {ISBN: 0240821114 9780240821115},
	pages     = {71},
	author    = {Tom Ashe}
}

@Comment{jabref-meta: databaseType:bibtex;}
